%! Author = Calum
%! Date = 11/06/2022

@inproceedings{ani2019victory,
  title={Victory prediction in League of Legends using Feature Selection and Ensemble methods},
  author={Ani, R and Harikumar, Vishnu and Devan, Arjun K and Deepa, OS},
  booktitle={2019 International Conference on Intelligent Computing and Control Systems (ICCS)},
  pages={74--77},
  year={2019},
  organization={IEEE}
}