%! Author = Calum
%! Date = 11/06/2022

@inproceedings{ani2019victory,
  title={Victory prediction in League of Legends using Feature Selection and Ensemble methods},
  author={Ani, R and Harikumar, Vishnu and Devan, Arjun K and Deepa, OS},
  booktitle={2019 International Conference on Intelligent Computing and Control Systems (ICCS)},
  pages={74--77},
  year={2019},
  organization={IEEE}
}

@techreport{newzoo2022viewers,
  author = {Newzoo},
  title = {Global Esports \& Live Streaming Market Report},
  institution = {newzoo},
  year = {2022},
}

@article{ward2019esport,
  title={ESport superstars},
  author={Ward, Michael R and Harmon, Alexander D},
  journal={Journal of Sports Economics},
  volume={20},
  number={8},
  pages={987--1013},
  year={2019},
  publisher={Sage Publications Sage CA: Los Angeles, CA}
}

@techreport{LCSRules,
  author = {LoLEsports},
  title = {2022 LCS Rule Set},
  institution = {Riot Games},
  year = {2022},
}

@article{kokkinakis2021metagaming,
  title={Metagaming and metagames in Esports},
  author={Kokkinakis, Athanasios and York, Peter and Patra, Moni and Robertson, Justus and Kirman, Ben and Coates, Alistair and Pedrassoli Chitayat, Alan and Demediuk, Simon Peter and Drachen, Anders and Hook, Jonathan David and others},
  journal={International Journal of Esports},
  year={2021},
  publisher={York}
}